@misc{Gruber2004,
author = {Gruber, John},
booktitle = {Daring Fireball},
title = {{Markdown}},
url = {http://daringfireball.net/projects/markdown/},
urldate = {2015-09-16},
year = {2004}
}
@misc{Salihefendic2010,
author = {Salihefendic, Amir},
title = {{How Hacker News ranking algorithm works}},
url = {http://amix.dk/blog/post/19574},
urldate = {Sep 16, 2015},
year = {2010}
}
